@article{gilt,
 title={GG Inc. Gilt for iphone},
 url={http://www.gilt.com/apps/iphone}
} 
@article{codispoti2012influence,
  title={The influence of color on emotional perception of natural scenes},
  author={Codispoti, Maurizio and De Cesarei, Andrea and Ferrari, Vera},
  journal={Psychophysiology},
  volume={49},
  number={1},
  pages={11--16},
  year={2012},
  publisher={Wiley Online Library}
}
@incollection{datta2006studying,
  title={Studying aesthetics in photographic images using a computational approach},
  author={Datta, Ritendra and Joshi, Dhiraj and Li, Jia and Wang, James Z},
  booktitle={Computer Vision--ECCV 2006},
  pages={288--301},
  year={2006},
  publisher={Springer}
}
@inproceedings{isola2011makes,
  title={What makes an image memorable?},
  author={Isola, Phillip and Xiao, Jianxiong and Torralba, Antonio and Oliva, Aude},
  booktitle={Computer Vision and Pattern Recognition (CVPR), 2011 IEEE Conference on},
  pages={145--152},
  year={2011},
  organization={IEEE}
}
@inproceedings{ke2006design,
  title={The design of high-level features for photo quality assessment},
  author={Ke, Yan and Tang, Xiaoou and Jing, Feng},
  booktitle={Computer Vision and Pattern Recognition, 2006 IEEE Computer Society Conference on},
  volume={1},
  pages={419--426},
  year={2006},
  organization={IEEE}
}
@inproceedings{dhar2011high,
  title={High level describable attributes for predicting aesthetics and interestingness},
  author={Dhar, Sagnik and Ordonez, Vicente and Berg, Tamara L},
  booktitle={Computer Vision and Pattern Recognition (CVPR), 2011 IEEE Conference on},
  pages={1657--1664},
  year={2011},
  organization={IEEE}
}

@article{gygli2013interestingness,
  title={The Interestingness of Images},
  author={Gygli, Michael and Grabner, Helmut and Riemenschneider, Hayko and Nater, Fabian and Van Gool, Luc},
  year={2013}
}
@inproceedings{achanta2009saliency,
  title={Saliency detection for content-aware image resizing},
  author={Achanta, Radhakrishna and Susstrunk, S},
  booktitle={Image Processing (ICIP), 2009 16th IEEE International Conference on},
  pages={1005--1008},
  year={2009},
  organization={IEEE}
}
@article{smeulders2000content,
  title={Content-based image retrieval at the end of the early years},
  author={Smeulders, Arnold WM and Worring, Marcel and Santini, Simone and Gupta, Amarnath and Jain, Ramesh},
  journal={Pattern Analysis and Machine Intelligence, IEEE Transactions on},
  volume={22},
  number={12},
  pages={1349--1380},
  year={2000},
  publisher={IEEE}
}
@article{walther2006modeling,
  title={Modeling attention to salient proto-objects},
  author={Walther, Dirk and Koch, Christof},
  journal={Neural Networks},
  volume={19},
  number={9},
  pages={1395--1407},
  year={2006},
  publisher={Elsevier}
}
@article{liu2011learning,
  title={Learning to detect a salient object},
  author={Liu, Tie and Yuan, Zejian and Sun, Jian and Wang, Jingdong and Zheng, Nanning and Tang, Xiaoou and Shum, Heung-Yeung},
  journal={Pattern Analysis and Machine Intelligence, IEEE Transactions on},
  volume={33},
  number={2},
  pages={353--367},
  year={2011},
  publisher={IEEE}
}
@incollection{borji2012salient,
  title={Salient object detection: A benchmark},
  author={Borji, Ali and Sihite, Dicky N and Itti, Laurent},
  booktitle={Computer Vision--ECCV 2012},
  pages={414--429},
  year={2012},
  publisher={Springer}
}

@book{Anderson:2006,
 author = {Anderson, Chris},
 title = {The Long Tail: Why the Future of Business Is Selling Less of More},
 year = {2006},
 isbn = {1401302378},
 publisher = {Hyperion},
}
@article{haralick1979statistical,
  title={Statistical and structural approaches to texture},
  author={Haralick, Robert M},
  journal={Proceedings of the IEEE},
  volume={67},
  number={5},
  pages={786--804},
  year={1979},
  publisher={IEEE}
}
@inproceedings{grana2012class,
  title={Class-based color bag of words for fashion retrieval},
  author={Grana, Costantino and Borghesani, Daniele and Cucchiara, Rita},
  booktitle={Multimedia and Expo (ICME), 2012 IEEE International Conference on},
  pages={444--449},
  year={2012},
  organization={IEEE}
}
@inproceedings{dalal2005histograms,
  title={Histograms of oriented gradients for human detection},
  author={Dalal, Navneet and Triggs, Bill},
  booktitle={Computer Vision and Pattern Recognition, 2005. CVPR 2005. IEEE Computer Society Conference on},
  volume={1},
  pages={886--893},
  year={2005},
  organization={IEEE}
}
@incollection{bay2006surf,
  title={Surf: Speeded up robust features},
  author={Bay, Herbert and Tuytelaars, Tinne and Van Gool, Luc},
  booktitle={Computer Vision--ECCV 2006},
  pages={404--417},
  year={2006},
  publisher={Springer}
}
@article{lowe2004distinctive,
  title={Distinctive image features from scale-invariant keypoints},
  author={Lowe, David G},
  journal={International journal of computer vision},
  volume={60},
  number={2},
  pages={91--110},
  year={2004},
  publisher={Springer}
}
@inproceedings{niblack1993qbic,
  title={QBIC project: querying images by content, using color, texture, and shape},
  author={Niblack, Carlton W and Barber, Ron and Equitz, Will and Flickner, Myron D and Glasman, Eduardo H and Petkovic, Dragutin and Yanker, Peter and Faloutsos, Christos and Taubin, Gabriel},
  booktitle={IS\&T/SPIE's Symposium on Electronic Imaging: Science and Technology},
  pages={173--187},
  year={1993},
  organization={International Society for Optics and Photonics}
}


@inproceedings{rao1999spatial,
  title={Spatial color histograms for content-based image retrieval},
  author={Rao, Aibing and Srihari, Rohini K and Zhang, Zhongfei},
  booktitle={Tools with Artificial Intelligence, 1999. Proceedings. 11th IEEE International Conference on},
  pages={183--186},
  year={1999},
  organization={IEEE}
}
@article{martin2004learning,
  title={Learning to detect natural image boundaries using local brightness, color, and texture cues},
  author={Martin, David R and Fowlkes, Charless C and Malik, Jitendra},
  journal={Pattern Analysis and Machine Intelligence, IEEE Transactions on},
  volume={26},
  number={5},
  pages={530--549},
  year={2004},
  publisher={IEEE}
}

% canny edge detection algorithm
@article{canny1986computational,
  title={A computational approach to edge detection},
  author={Canny, John},
  journal={Pattern Analysis and Machine Intelligence, IEEE Transactions on},
  number={6},
  pages={679--698},
  year={1986},
  publisher={IEEE}
}

%SURF features


%recent crap on color search that highlight the same problem
%ebay
@article{bhardwajpalette,
  title={Palette Power: Enabling Visual Search through Colors},
  author={Bhardwaj, Anurag and Sarma, Atish Das and Di, Wei and Hamid, Raffay and Piramuthu, Robinson and Sundaresan, Neel}
}

@inproceedings{zhou2012document,
  title={From Document to Image: Learning a Scalable Ranking Model for Content Based Image Retrieval},
  author={Zhou, Chao and Li, Yangxi and Geng, Bo and Xu, Chao},
  booktitle={Multimedia and Expo Workshops (ICMEW), 2012 IEEE International Conference on},
  pages={558--563},
  year={2012},
  organization={IEEE}
}

@article{faloutsos1994efficient,
  title={Efficient and effective querying by image content},
  author={Faloutsos, Christos and Barber, Ron and Flickner, Myron and Hafner, Jim and Niblack, Wayne and Petkovic, Dragutin and Equitz, William},
  journal={Journal of intelligent information systems},
  volume={3},
  number={3-4},
  pages={231--262},
  year={1994},
  publisher={Springer}
}

@article{cavnar1994n,
  title={N-gram-based text categorization},
  author={Cavnar, William B and Trenkle, John M and others},
  journal={Ann Arbor MI},
  volume={48113},
  number={2},
  pages={161--175},
  year={1994},
  publisher={Citeseer}
}

@article{wang2011aesthetics,
  title={Aesthetics and the online shopping environment: Understanding consumer responses},
  author={Wang, Yong Jian and Minor, Michael S and Wei, Jie},
  journal={Journal of Retailing},
  volume={87},
  number={1},
  pages={46--58},
  year={2011},
  publisher={Elsevier}
}

@inproceedings{obrador2009role,
  title={The role of tags and image aesthetics in social image search},
  author={Obrador, Pere and Anguera, Xavier and de Oliveira, Rodrigo and Oliver, Nuria},
  booktitle={Proceedings of the first SIGMM workshop on Social media},
  pages={65--72},
  year={2009},
  organization={ACM}
}
@inproceedings{ke2006design,
  title={The design of high-level features for photo quality assessment},
  author={Ke, Yan and Tang, Xiaoou and Jing, Feng},
  booktitle={Computer Vision and Pattern Recognition, 2006 IEEE Computer Society Conference on},
  volume={1},
  pages={419--426},
  year={2006},
  organization={IEEE}
}
@inproceedings{tong2004blur,
  title={Blur detection for digital images using wavelet transform},
  author={Tong, Hanghang and Li, Mingjing and Zhang, Hongjiang and Zhang, Changshui},
  booktitle={Multimedia and Expo, 2004. ICME'04. 2004 IEEE International Conference on},
  volume={1},
  pages={17--20},
  year={2004},
  organization={IEEE}
}
@inproceedings{mai2011rule,
  title={Rule of thirds detection from photograph},
  author={Mai, Long and Le, Hoang and Niu, Yuzhen and Liu, Feng},
  booktitle={Multimedia (ISM), 2011 IEEE International Symposium on},
  pages={91--96},
  year={2011},
  organization={IEEE}
}
@inproceedings{hou2007saliency,
  title={Saliency detection: A spectral residual approach},
  author={Hou, Xiaodi and Zhang, Liqing},
  booktitle={Computer Vision and Pattern Recognition, 2007. CVPR'07. IEEE Conference on},
  pages={1--8},
  year={2007},
  organization={IEEE}
}
@inproceedings{wang2015automatic,
  title={Automatic assessment of online fashion shopping photo aesthetic quality},
  author={Wang, Jianyu and Allebach, Jan},
  booktitle={Image Processing (ICIP), 2015 IEEE International Conference on},
  pages={2915--2919},
  year={2015},
  organization={IEEE}
}
@inproceedings{chen2014aesthetic,
  title={Aesthetic quality inference for online fashion shopping},
  author={Chen, Ming and Allebach, Jan},
  booktitle={IS\&T/SPIE Electronic Imaging},
  pages={902703--902703},
  year={2014},
  organization={International Society for Optics and Photonics}
}
@incollection{datta2006studying,
  title={Studying aesthetics in photographic images using a computational approach},
  author={Datta, Ritendra and Joshi, Dhiraj and Li, Jia and Wang, James Z},
  booktitle={Computer Vision--ECCV 2006},
  pages={288--301},
  year={2006},
  publisher={Springer}
}
@inproceedings{khosla2014makes,
  title={What makes an image popular?},
  author={Khosla, Aditya and Das Sarma, Atish and Hamid, Raffay},
  booktitle={Proceedings of the 23rd international conference on World wide web},
  pages={867--876},
  year={2014},
  organization={ACM}
}
@inproceedings{aryafar2014exploring,
  title={Exploring User Behaviour on Etsy through Dominant Colors},
  author={Aryafar, Kamelia and Lynch, Corey and Attenberg, Josh},
  booktitle={2014 22nd International Conference on Pattern Recognition (ICPR)},
  pages={1437--1442},
  year={2014},
  organization={IEEE}
}
@article{matas2004robust,
  title={Robust wide-baseline stereo from maximally stable extremal regions},
  author={Matas, Jiri and Chum, Ondrej and Urban, Martin and Pajdla, Tom{\'a}s},
  journal={Image and vision computing},
  volume={22},
  number={10},
  pages={761--767},
  year={2004},
  publisher={Elsevier}
}
@inproceedings{chen2011robust,
  title={Robust text detection in natural images with edge-enhanced maximally stable extremal regions},
  author={Chen, Huizhong and Tsai, Sam S and Schroth, Georg and Chen, David M and Grzeszczuk, Radek and Girod, Bernd},
  booktitle={Image Processing (ICIP), 2011 18th IEEE International Conference on},
  pages={2609--2612},
  year={2011},
  organization={IEEE}
}
@inproceedings{lazebnik2006beyond,
  title={Beyond bags of features: Spatial pyramid matching for recognizing natural scene categories},
  author={Lazebnik, Svetlana and Schmid, Cordelia and Ponce, Jean},
  booktitle={Computer Vision and Pattern Recognition, 2006 IEEE Computer Society Conference on},
  volume={2},
  pages={2169--2178},
  year={2006},
  organization={IEEE}
}

